@ARTICLE{2007Sci...318..777L,
   author = {{Lorimer}, D.~R. and {Bailes}, M. and {McLaughlin}, M.~A. and 
	{Narkevic}, D.~J. and {Crawford}, F.},
    title = "{A Bright Millisecond Radio Burst of Extragalactic Origin}",
  journal = {Science},
archivePrefix = "arXiv",
   eprint = {0709.4301},
     year = 2007,
    month = nov,
   volume = 318,
    pages = {777-},
      doi = {10.1126/science.1147532},
   adsurl = {http://adsabs.harvard.edu/abs/2007Sci...318..777L},
  adsnote = {Provided by the SAO/NASA Astrophysics Data System}
}


@ARTICLE{2012MNRAS.425L..71K,
   author = {{Keane}, E.~F. and {Stappers}, B.~W. and {Kramer}, M. and {Lyne}, A.~G.
	},
    title = "{On the origin of a highly dispersed coherent radio burst}",
  journal = {\mnras},
archivePrefix = "arXiv",
   eprint = {1206.4135},
 primaryClass = "astro-ph.SR",
 keywords = {black hole physics, surveys, pulsars: general, Galaxy: stellar content, cosmological parameters},
     year = 2012,
    month = sep,
   volume = 425,
    pages = {L71-L75},
      doi = {10.1111/j.1745-3933.2012.01306.x},
   adsurl = {http://adsabs.harvard.edu/abs/2012MNRAS.425L..71K},
  adsnote = {Provided by the SAO/NASA Astrophysics Data System}
}


@ARTICLE{2013Sci...341...53T,
   author = {{Thornton}, D. and {Stappers}, B. and {Bailes}, M. and {Barsdell}, B. and 
	{Bates}, S. and {Bhat}, N.~D.~R. and {Burgay}, M. and {Burke-Spolaor}, S. and 
	{Champion}, D.~J. and {Coster}, P. and {D'Amico}, N. and {Jameson}, A. and 
	{Johnston}, S. and {Keith}, M. and {Kramer}, M. and {Levin}, L. and 
	{Milia}, S. and {Ng}, C. and {Possenti}, A. and {van Straten}, W.
	},
    title = "{A Population of Fast Radio Bursts at Cosmological Distances}",
  journal = {Science},
archivePrefix = "arXiv",
   eprint = {1307.1628},
 primaryClass = "astro-ph.HE",
     year = 2013,
    month = jul,
   volume = 341,
    pages = {53-56},
      doi = {10.1126/science.1236789},
   adsurl = {http://adsabs.harvard.edu/abs/2013Sci...341...53T},
  adsnote = {Provided by the SAO/NASA Astrophysics Data System}
}


@ARTICLE{2014ApJ...790..101S,
   author = {{Spitler}, L.~G. and {Cordes}, J.~M. and {Hessels}, J.~W.~T. and 
	{Lorimer}, D.~R. and {McLaughlin}, M.~A. and {Chatterjee}, S. and 
	{Crawford}, F. and {Deneva}, J.~S. and {Kaspi}, V.~M. and {Wharton}, R.~S. and 
	{Allen}, B. and {Bogdanov}, S. and {Brazier}, A. and {Camilo}, F. and 
	{Freire}, P.~C.~C. and {Jenet}, F.~A. and {Karako-Argaman}, C. and 
	{Knispel}, B. and {Lazarus}, P. and {Lee}, K.~J. and {van Leeuwen}, J. and 
	{Lynch}, R. and {Ransom}, S.~M. and {Scholz}, P. and {Siemens}, X. and 
	{Stairs}, I.~H. and {Stovall}, K. and {Swiggum}, J.~K. and {Venkataraman}, A. and 
	{Zhu}, W.~W. and {Aulbert}, C. and {Fehrmann}, H.},
    title = "{Fast Radio Burst Discovered in the Arecibo Pulsar ALFA Survey}",
  journal = {\apj},
archivePrefix = "arXiv",
   eprint = {1404.2934},
 primaryClass = "astro-ph.HE",
 keywords = {pulsars: general},
     year = 2014,
    month = aug,
   volume = 790,
      eid = {101},
    pages = {101},
      doi = {10.1088/0004-637X/790/2/101},
   adsurl = {http://adsabs.harvard.edu/abs/2014ApJ...790..101S},
  adsnote = {Provided by the SAO/NASA Astrophysics Data System}
}

@ARTICLE{2014ApJ...792...19B,
   author = {{Burke-Spolaor}, S. and {Bannister}, K.~W.},
    title = "{The Galactic Position Dependence of Fast Radio Bursts and the Discovery of FRB011025}",
  journal = {\apj},
archivePrefix = "arXiv",
   eprint = {1407.0400},
 primaryClass = "astro-ph.HE",
 keywords = {pulsars: general, radio continuum: general},
     year = 2014,
    month = sep,
   volume = 792,
      eid = {19},
    pages = {19},
      doi = {10.1088/0004-637X/792/1/19},
   adsurl = {http://adsabs.harvard.edu/abs/2014ApJ...792...19B},
  adsnote = {Provided by the SAO/NASA Astrophysics Data System}
}


@ARTICLE{2015MNRAS.447..246P,
   author = {{Petroff}, E. and {Bailes}, M. and {Barr}, E.~D. and {Barsdell}, B.~R. and 
	{Bhat}, N.~D.~R. and {Bian}, F. and {Burke-Spolaor}, S. and 
	{Caleb}, M. and {Champion}, D. and {Chandra}, P. and {Da Costa}, G. and 
	{Delvaux}, C. and {Flynn}, C. and {Gehrels}, N. and {Greiner}, J. and 
	{Jameson}, A. and {Johnston}, S. and {Kasliwal}, M.~M. and {Keane}, E.~F. and 
	{Keller}, S. and {Kocz}, J. and {Kramer}, M. and {Leloudas}, G. and 
	{Malesani}, D. and {Mulchaey}, J.~S. and {Ng}, C. and {Ofek}, E.~O. and 
	{Perley}, D.~A. and {Possenti}, A. and {Schmidt}, B.~P. and 
	{Shen}, Y. and {Stappers}, B. and {Tisserand}, P. and {van Straten}, W. and 
	{Wolf}, C.},
    title = "{A real-time fast radio burst: polarization detection and multiwavelength follow-up}",
  journal = {\mnras},
archivePrefix = "arXiv",
   eprint = {1412.0342},
 primaryClass = "astro-ph.HE",
 keywords = {polarization, radiation mechanisms: general, intergalactic medium, radio continuum: general},
     year = 2015,
    month = feb,
   volume = 447,
    pages = {246-255},
      doi = {10.1093/mnras/stu2419},
   adsurl = {http://adsabs.harvard.edu/abs/2015MNRAS.447..246P},
  adsnote = {Provided by the SAO/NASA Astrophysics Data System}
}

@ARTICLE{2015ApJ...799L...5R,
   author = {{Ravi}, V. and {Shannon}, R.~M. and {Jameson}, A.},
    title = "{A Fast Radio Burst in the Direction of the Carina Dwarf Spheroidal Galaxy}",
  journal = {\apjl},
archivePrefix = "arXiv",
   eprint = {1412.1599},
 primaryClass = "astro-ph.HE",
 keywords = {galaxies: individual: Car dSph, intergalactic medium, pulsars: general, radio continuum: general, scattering},
     year = 2015,
    month = jan,
   volume = 799,
      eid = {L5},
    pages = {L5},
      doi = {10.1088/2041-8205/799/1/L5},
   adsurl = {http://adsabs.harvard.edu/abs/2015ApJ...799L...5R},
  adsnote = {Provided by the SAO/NASA Astrophysics Data System}
}

@ARTICLE{2015arXiv150400200X,
   author = {{Xu}, J. and {Han}, J.~L.},
    title = "{Extragalactic dispersion measures from host galaxies of fast radio bursts}",
  journal = {ArXiv e-prints},
archivePrefix = "arXiv",
   eprint = {1504.00200},
 keywords = {Astrophysics - Astrophysics of Galaxies, Astrophysics - High Energy Astrophysical Phenomena},
     year = 2015,
    month = apr,
   adsurl = {http://adsabs.harvard.edu/abs/2015arXiv150400200X},
  adsnote = {Provided by the SAO/NASA Astrophysics Data System}
}

@ARTICLE{2015arXiv150205171G,
   author = {{Geng}, J.~J. and {Huang}, Y.~F.},
    title = "{Fast Radio Bursts: Collisions between Neutron Stars and Asteroids/Comets}",
  journal = {ArXiv e-prints},
archivePrefix = "arXiv",
   eprint = {1502.05171},
 primaryClass = "astro-ph.HE",
 keywords = {Astrophysics - High Energy Astrophysical Phenomena},
     year = 2015,
    month = feb,
   adsurl = {http://adsabs.harvard.edu/abs/2015arXiv150205171G},
  adsnote = {Provided by the SAO/NASA Astrophysics Data System}
}


@ARTICLE{2014arXiv1412.7825I,
   author = {{Iwazaki}, A.},
    title = "{Fast Radio Bursts from Axion Stars}",
  journal = {ArXiv e-prints},
archivePrefix = "arXiv",
   eprint = {1412.7825},
 primaryClass = "hep-ph",
 keywords = {High Energy Physics - Phenomenology, Astrophysics - High Energy Astrophysical Phenomena},
     year = 2014,
    month = dec,
   adsurl = {http://adsabs.harvard.edu/abs/2014arXiv1412.7825I},
  adsnote = {Provided by the SAO/NASA Astrophysics Data System}
}


@ARTICLE{2013ApJ...776L..39K,
   author = {{Kashiyama}, K. and {Ioka}, K. and {M{\'e}sz{\'a}ros}, P.},
    title = "{Cosmological Fast Radio Bursts from Binary White Dwarf Mergers}",
  journal = {\apjl},
archivePrefix = "arXiv",
   eprint = {1307.7708},
 primaryClass = "astro-ph.HE",
 keywords = {binaries: general, radio continuum: general, white dwarfs},
     year = 2013,
    month = oct,
   volume = 776,
      eid = {L39},
    pages = {L39},
      doi = {10.1088/2041-8205/776/2/L39},
   adsurl = {http://adsabs.harvard.edu/abs/2013ApJ...776L..39K},
  adsnote = {Provided by the SAO/NASA Astrophysics Data System}
}

@ARTICLE{2014MNRAS.442L...9L,
   author = {{Lyubarsky}, Y.},
    title = "{A model for fast extragalactic radio bursts}",
  journal = {\mnras},
archivePrefix = "arXiv",
   eprint = {1401.6674},
 primaryClass = "astro-ph.HE",
 keywords = {magnetic fields, masers, radiation mechanisms: non-thermal, shock waves, stars: neutron},
     year = 2014,
    month = jul,
   volume = 442,
    pages = {L9-L13},
      doi = {10.1093/mnrasl/slu046},
   adsurl = {http://adsabs.harvard.edu/abs/2014MNRAS.442L...9L},
  adsnote = {Provided by the SAO/NASA Astrophysics Data System}
}


@ARTICLE{2014ApJ...785L..26L,
   author = {{Luan}, J. and {Goldreich}, P.},
    title = "{Physical Constraints on Fast Radio Bursts}",
  journal = {\apjl},
archivePrefix = "arXiv",
   eprint = {1401.1795},
 primaryClass = "astro-ph.HE",
 keywords = {radio continuum: general},
     year = 2014,
    month = apr,
   volume = 785,
      eid = {L26},
    pages = {L26},
      doi = {10.1088/2041-8205/785/2/L26},
   adsurl = {http://adsabs.harvard.edu/abs/2014ApJ...785L..26L},
  adsnote = {Provided by the SAO/NASA Astrophysics Data System}
}


@ARTICLE{2014A&A...562A.137F,
   author = {{Falcke}, H. and {Rezzolla}, L.},
    title = "{Fast radio bursts: the last sign of supramassive neutron stars}",
  journal = {\aap},
archivePrefix = "arXiv",
   eprint = {1307.1409},
 primaryClass = "astro-ph.HE",
 keywords = {pulsars: general, magnetic fields, gravitation, radiation mechanisms: non-thermal, gamma-ray burst: general, stars: neutron},
     year = 2014,
    month = feb,
   volume = 562,
      eid = {A137},
    pages = {A137},
      doi = {10.1051/0004-6361/201321996},
   adsurl = {http://adsabs.harvard.edu/abs/2014A%26A...562A.137F},
  adsnote = {Provided by the SAO/NASA Astrophysics Data System}
}

@ARTICLE{2013PASJ...65L..12T,
   author = {{Totani}, T.},
    title = "{Cosmological Fast Radio Bursts from Binary Neutron Star Mergers}",
  journal = {\pasj},
archivePrefix = "arXiv",
   eprint = {1307.4985},
 primaryClass = "astro-ph.HE",
 keywords = {gravitational waves, radio continuum: general, stars: binaries: general, stars: neutron},
     year = 2013,
    month = oct,
   volume = 65,
    pages = {L12},
      doi = {10.1093/pasj/65.5.L12},
   adsurl = {http://adsabs.harvard.edu/abs/2013PASJ...65L..12T},
  adsnote = {Provided by the SAO/NASA Astrophysics Data System}
}


@ARTICLE{2010ApJ...713.1026D,
   author = {{Dilday}, B. and {Smith}, M. and {Bassett}, B. and {Becker}, A. and 
	{Bender}, R. and {Castander}, F. and {Cinabro}, D. and {Filippenko}, A.~V. and 
	{Frieman}, J.~A. and {Galbany}, L. and {Garnavich}, P.~M. and 
	{Goobar}, A. and {Hopp}, U. and {Ihara}, Y. and {Jha}, S.~W. and 
	{Kessler}, R. and {Lampeitl}, H. and {Marriner}, J. and {Miquel}, R. and 
	{Moll{\'a}}, M. and {Nichol}, R.~C. and {Nordin}, J. and {Riess}, A.~G. and 
	{Sako}, M. and {Schneider}, D.~P. and {Sollerman}, J. and {Wheeler}, J.~C. and 
	{{\"O}stman}, L. and {Bizyaev}, D. and {Brewington}, H. and 
	{Malanushenko}, E. and {Malanushenko}, V. and {Oravetz}, D. and 
	{Pan}, K. and {Simmons}, A. and {Snedden}, S.},
    title = "{Measurements of the Rate of Type Ia Supernovae at Redshift lsim0.3 from the Sloan Digital Sky Survey II Supernova Survey}",
  journal = {\apj},
archivePrefix = "arXiv",
   eprint = {1001.4995},
 primaryClass = "astro-ph.CO",
 keywords = {supernovae: general},
     year = 2010,
    month = apr,
   volume = 713,
    pages = {1026-1036},
      doi = {10.1088/0004-637X/713/2/1026},
   adsurl = {http://adsabs.harvard.edu/abs/2010ApJ...713.1026D},
  adsnote = {Provided by the SAO/NASA Astrophysics Data System}
}


@ARTICLE{2013MNRAS.436L...5L,
   author = {{Lorimer}, D.~R. and {Karastergiou}, A. and {McLaughlin}, M.~A. and 
	{Johnston}, S.},
    title = "{On the detectability of extragalactic fast radio transients}",
  journal = {\mnras},
archivePrefix = "arXiv",
   eprint = {1307.1200},
 primaryClass = "astro-ph.HE",
 keywords = {scattering, intergalactic medium, cosmology: theory},
     year = 2013,
    month = nov,
   volume = 436,
    pages = {L5-L9},
      doi = {10.1093/mnrasl/slt098},
   adsurl = {http://adsabs.harvard.edu/abs/2013MNRAS.436L...5L},
  adsnote = {Provided by the SAO/NASA Astrophysics Data System}
}


@ARTICLE{2013ApJ...763L..20M,
   author = {{Masui}, K.~W. and {Switzer}, E.~R. and {Banavar}, N. and {Bandura}, K. and 
	{Blake}, C. and {Calin}, L.-M. and {Chang}, T.-C. and {Chen}, X. and 
	{Li}, Y.-C. and {Liao}, Y.-W. and {Natarajan}, A. and {Pen}, U.-L. and 
	{Peterson}, J.~B. and {Shaw}, J.~R. and {Voytek}, T.~C.},
    title = "{Measurement of 21 cm Brightness Fluctuations at z \~{} 0.8 in Cross-correlation}",
  journal = {\apjl},
archivePrefix = "arXiv",
   eprint = {1208.0331},
 primaryClass = "astro-ph.CO",
 keywords = {galaxies: evolution, large-scale structure of universe, radio lines: galaxies},
     year = 2013,
    month = jan,
   volume = 763,
      eid = {L20},
    pages = {L20},
      doi = {10.1088/2041-8205/763/1/L20},
   adsurl = {http://adsabs.harvard.edu/abs/2013ApJ...763L..20M},
  adsnote = {Provided by the SAO/NASA Astrophysics Data System}
}

@ARTICLE{2013MNRAS.434L..46S,
   author = {{Switzer}, E.~R. and {Masui}, K.~W. and {Bandura}, K. and {Calin}, L.-M. and 
	{Chang}, T.-C. and {Chen}, X.-L. and {Li}, Y.-C. and {Liao}, Y.-W. and 
	{Natarajan}, A. and {Pen}, U.-L. and {Peterson}, J.~B. and {Shaw}, J.~R. and 
	{Voytek}, T.~C.},
    title = "{Determination of z \~{} 0.8 neutral hydrogen fluctuations using the 21-cm intensity mapping autocorrelation}",
  journal = {\mnras},
archivePrefix = "arXiv",
   eprint = {1304.3712},
 primaryClass = "astro-ph.CO",
 keywords = {galaxies: evolution, large-scale structure of universe, radio lines: galaxies},
     year = 2013,
    month = jul,
   volume = 434,
    pages = {L46-L50},
      doi = {10.1093/mnrasl/slt074},
   adsurl = {http://adsabs.harvard.edu/abs/2013MNRAS.434L..46S},
  adsnote = {Provided by the SAO/NASA Astrophysics Data System}
}


@ARTICLE{2010Natur.466..463C,
   author = {{Chang}, T.-C. and {Pen}, U.-L. and {Bandura}, K. and {Peterson}, J.~B.
	},
    title = "{An intensity map of hydrogen 21-cm emission at redshift z\~{}0.8}",
  journal = {\nat},
     year = 2010,
    month = jul,
   volume = 466,
    pages = {463-465},
      doi = {10.1038/nature09187},
   adsurl = {http://adsabs.harvard.edu/abs/2010Natur.466..463C},
  adsnote = {Provided by the SAO/NASA Astrophysics Data System}
}

@ARTICLE{2015arXiv150500834R,
   author = {{Rane}, A. and {Lorimer}, D.~R. and {Bates}, S.~D. and {McMann}, N. and 
	{McLaughlin}, M.~A. and {Rajwade}, K.},
    title = "{A search for rotating radio transients and fast radio bursts in the Parkes high-latitude pulsar survey}",
  journal = {ArXiv e-prints},
archivePrefix = "arXiv",
   eprint = {1505.00834},
 primaryClass = "astro-ph.HE",
 keywords = {Astrophysics - High Energy Astrophysical Phenomena, Astrophysics - Solar and Stellar Astrophysics},
     year = 2015,
    month = may,
   adsurl = {http://adsabs.harvard.edu/abs/2015arXiv150500834R},
  adsnote = {Provided by the SAO/NASA Astrophysics Data System}
}

@ARTICLE{2012MNRAS.425.2668C,
   author = {{Coward}, D.~M. and {Howell}, E.~J. and {Piran}, T. and {Stratta}, G. and 
	{Branchesi}, M. and {Bromberg}, O. and {Gendre}, B. and {Burman}, R.~R. and 
	{Guetta}, D.},
    title = "{The Swift short gamma-ray burst rate density: implications for binary neutron star merger rates}",
  journal = {\mnras},
archivePrefix = "arXiv",
   eprint = {1202.2179},
 primaryClass = "astro-ph.CO",
 keywords = {gravitational waves, techniques: miscellaneous, gamma-ray burst: individual, stars: neutron},
     year = 2012,
    month = oct,
   volume = 425,
    pages = {2668-2673},
      doi = {10.1111/j.1365-2966.2012.21604.x},
   adsurl = {http://adsabs.harvard.edu/abs/2012MNRAS.425.2668C},
  adsnote = {Provided by the SAO/NASA Astrophysics Data System}
}

@ARTICLE{2012MNRAS.422..379B,
   author = {{Barsdell}, B.~R. and {Bailes}, M. and {Barnes}, D.~G. and {Fluke}, C.~J.
	},
    title = "{Accelerating incoherent dedispersion}",
  journal = {\mnras},
archivePrefix = "arXiv",
   eprint = {1201.5380},
 primaryClass = "astro-ph.IM",
 keywords = {methods: data analysis, pulsars: general},
     year = 2012,
    month = may,
   volume = 422,
    pages = {379-392},
      doi = {10.1111/j.1365-2966.2012.20622.x},
   adsurl = {http://adsabs.harvard.edu/abs/2012MNRAS.422..379B},
  adsnote = {Provided by the SAO/NASA Astrophysics Data System}
}

@ARTICLE{1987MNRAS.227....1K,
   author = {{Kaiser}, N.},
    title = "{Clustering in real space and in redshift space}",
  journal = {\mnras},
 keywords = {Astronomical Models, Deep Space, Galactic Clusters, Red Shift, Density Distribution, Power Spectra, Velocity Distribution},
     year = 1987,
    month = jul,
   volume = 227,
    pages = {1-21},
   adsurl = {http://adsabs.harvard.edu/abs/1987MNRAS.227....1K},
  adsnote = {Provided by the SAO/NASA Astrophysics Data System}
}

@ARTICLE{2008PhRvD..78l3506L,
   author = {{Loverde}, M. and {Afshordi}, N.},
    title = "{Extended Limber approximation}",
  journal = {\prd},
archivePrefix = "arXiv",
   eprint = {0809.5112},
 keywords = {Cosmology, Distances redshifts radial velocities, spatial distribution of galaxies, Observational cosmology},
     year = 2008,
    month = dec,
   volume = 78,
   number = 12,
      eid = {123506},
    pages = {123506},
      doi = {10.1103/PhysRevD.78.123506},
   adsurl = {http://adsabs.harvard.edu/abs/2008PhRvD..78l3506L},
  adsnote = {Provided by the SAO/NASA Astrophysics Data System}
}

@ARTICLE{1953ApJ...117..134L,
   author = {{Limber}, D.~N.},
    title = "{The Analysis of Counts of the Extragalactic Nebulae in Terms of a Fluctuating Density Field.}",
  journal = {\apj},
     year = 1953,
    month = jan,
   volume = 117,
    pages = {134},
      doi = {10.1086/145672},
   adsurl = {http://adsabs.harvard.edu/abs/1953ApJ...117..134L},
  adsnote = {Provided by the SAO/NASA Astrophysics Data System}
}

@ARTICLE{1992ApJ...388..272K,
   author = {{Kaiser}, N.},
    title = "{Weak gravitational lensing of distant galaxies}",
  journal = {\apj},
 keywords = {Galactic Clusters, Galactic Structure, Gravitational Lenses, Mass Distribution, Power Spectra, Quasars, Spatial Distribution, Universe},
     year = 1992,
    month = apr,
   volume = 388,
    pages = {272-286},
      doi = {10.1086/171151},
   adsurl = {http://adsabs.harvard.edu/abs/1992ApJ...388..272K},
  adsnote = {Provided by the SAO/NASA Astrophysics Data System}
}

@ARTICLE{1998ApJ...498...26K,
   author = {{Kaiser}, N.},
    title = "{Weak Lensing and Cosmology}",
  journal = {\apj},
   eprint = {astro-ph/9610120},
 keywords = {COSMOLOGY: THEORY, COSMOLOGY: GRAVITATIONAL LENSING, COSMOLOGY: LARGE-SCALE STRUCTURE OF UNIVERSE, Cosmology: Theory, Cosmology: Gravitational Lensing, Cosmology: Large-Scale Structure of Universe},
     year = 1998,
    month = may,
   volume = 498,
    pages = {26-42},
      doi = {10.1086/305515},
   adsurl = {http://adsabs.harvard.edu/abs/1998ApJ...498...26K},
  adsnote = {Provided by the SAO/NASA Astrophysics Data System}
}

@ARTICLE{2014arXiv1412.4829D,
   author = {{Dolag}, K. and {Gaensler}, B.~M. and {Beck}, A.~M. and {Beck}, M.~C.
	},
    title = "{Constraints on the distribution and energetics of fast radio bursts using cosmological hydrodynamic simulations}",
  journal = {ArXiv e-prints},
archivePrefix = "arXiv",
   eprint = {1412.4829},
 keywords = {Astrophysics - Cosmology and Nongalactic Astrophysics, Astrophysics - High Energy Astrophysical Phenomena},
     year = 2014,
    month = dec,
   adsurl = {http://adsabs.harvard.edu/abs/2014arXiv1412.4829D},
  adsnote = {Provided by the SAO/NASA Astrophysics Data System}
}

@ARTICLE{2004MNRAS.348..999I,
   author = {{Inoue}, S.},
    title = "{Probing the cosmic reionization history and local environment of gamma-ray bursts through radio dispersion}",
  journal = {\mnras},
   eprint = {astro-ph/0309364},
 keywords = {radiation mechanisms: non-thermal, intergalactic medium, cosmology: theory, gamma-rays: bursts, radio continuum: general},
     year = 2004,
    month = mar,
   volume = 348,
    pages = {999-1008},
      doi = {10.1111/j.1365-2966.2004.07359.x},
   adsurl = {http://adsabs.harvard.edu/abs/2004MNRAS.348..999I},
  adsnote = {Provided by the SAO/NASA Astrophysics Data System}
}

@ARTICLE{2003ApJ...598L..79I,
   author = {{Ioka}, K.},
    title = "{The Cosmic Dispersion Measure from Gamma-Ray Burst Afterglows: Probing the Reionization History and the Burst Environment}",
  journal = {\apjl},
   eprint = {astro-ph/0309200},
 keywords = {Gamma Rays: Bursts, Galaxies: Intergalactic Medium, ISM: General, Plasmas, Radio Continuum: ISM},
     year = 2003,
    month = dec,
   volume = 598,
    pages = {L79-L82},
      doi = {10.1086/380598},
   adsurl = {http://adsabs.harvard.edu/abs/2003ApJ...598L..79I},
  adsnote = {Provided by the SAO/NASA Astrophysics Data System}
}

@ARTICLE{2014ApJ...780L..33M,
   author = {{McQuinn}, M.},
    title = "{Locating the ''Missing'' Baryons with Extragalactic Dispersion Measure Estimates}",
  journal = {\apjl},
archivePrefix = "arXiv",
   eprint = {1309.4451},
 primaryClass = "astro-ph.CO",
 keywords = {cosmology: theory, intergalactic medium, large-scale structure of universe, radio continuum: general},
     year = 2014,
    month = jan,
   volume = 780,
      eid = {L33},
    pages = {L33},
      doi = {10.1088/2041-8205/780/2/L33},
   adsurl = {http://adsabs.harvard.edu/abs/2014ApJ...780L..33M},
  adsnote = {Provided by the SAO/NASA Astrophysics Data System}
}

@ARTICLE{2015arXiv150101341P,
   author = {{Pen}, U.-L. and {Connor}, L.},
    title = "{Local Circumnuclear Magnetar Solution to Extragalactic Fast Radio Bursts}",
  journal = {ArXiv e-prints},
archivePrefix = "arXiv",
   eprint = {1501.01341},
 primaryClass = "astro-ph.HE",
 keywords = {Astrophysics - High Energy Astrophysical Phenomena},
     year = 2015,
    month = jan,
   adsurl = {http://adsabs.harvard.edu/abs/2015arXiv150101341P},
  adsnote = {Provided by the SAO/NASA Astrophysics Data System}
}

@ARTICLE{1976ApJ...203..297S,
   author = {{Schechter}, P.},
    title = "{An analytic expression for the luminosity function for galaxies.}",
  journal = {\apj},
     year = 1976,
    month = jan,
   volume = 203,
    pages = {297-306},
      doi = {10.1086/154079},
   adsurl = {http://adsabs.harvard.edu/abs/1976ApJ...203..297S},
  adsnote = {Provided by the SAO/NASA Astrophysics Data System}
}

@ARTICLE{2014ApJ...797...71Z,
   author = {{Zheng}, Z. and {Ofek}, E.~O. and {Kulkarni}, S.~R. and {Neill}, J.~D. and 
	{Juric}, M.},
    title = "{Probing the Intergalactic Medium with Fast Radio Bursts}",
  journal = {\apj},
archivePrefix = "arXiv",
   eprint = {1409.3244},
 primaryClass = "astro-ph.HE",
 keywords = {cosmology: miscellaneous, intergalactic medium, pulsars: general, radio continuum: general},
     year = 2014,
    month = dec,
   volume = 797,
      eid = {71},
    pages = {71},
      doi = {10.1088/0004-637X/797/1/71},
   adsurl = {http://adsabs.harvard.edu/abs/2014ApJ...797...71Z},
  adsnote = {Provided by the SAO/NASA Astrophysics Data System}
}

@ARTICLE{2014MNRAS.443L..11D,
   author = {{Dennison}, B.},
    title = "{Fast radio bursts: constraints on the dispersing medium}",
  journal = {\mnras},
archivePrefix = "arXiv",
   eprint = {1403.2263},
 primaryClass = "astro-ph.HE",
 keywords = {stars: flare, large-scale structure of Universe, radio continuum: general},
     year = 2014,
    month = sep,
   volume = 443,
    pages = {L11-L14},
      doi = {10.1093/mnrasl/slu072},
   adsurl = {http://adsabs.harvard.edu/abs/2014MNRAS.443L..11D},
  adsnote = {Provided by the SAO/NASA Astrophysics Data System}
}

@ARTICLE{2014ApJ...788..189G,
   author = {{Gao}, H. and {Li}, Z. and {Zhang}, B.},
    title = "{Fast Radio Burst/Gamma-Ray Burst Cosmography}",
  journal = {\apj},
archivePrefix = "arXiv",
   eprint = {1402.2498},
 keywords = {dark energy, gamma-ray burst: general},
     year = 2014,
    month = jun,
   volume = 788,
      eid = {189},
    pages = {189},
      doi = {10.1088/0004-637X/788/2/189},
   adsurl = {http://adsabs.harvard.edu/abs/2014ApJ...788..189G},
  adsnote = {Provided by the SAO/NASA Astrophysics Data System}
}

@ARTICLE{2014ApJ...783L..35D,
   author = {{Deng}, W. and {Zhang}, B.},
    title = "{Cosmological Implications of Fast Radio Burst/Gamma-Ray Burst Associations}",
  journal = {\apjl},
archivePrefix = "arXiv",
   eprint = {1401.0059},
 primaryClass = "astro-ph.HE",
 keywords = {dark ages, reionization, first stars, gamma-ray burst: general},
     year = 2014,
    month = mar,
   volume = 783,
      eid = {L35},
    pages = {L35},
      doi = {10.1088/2041-8205/783/2/L35},
   adsurl = {http://adsabs.harvard.edu/abs/2014ApJ...783L..35D},
  adsnote = {Provided by the SAO/NASA Astrophysics Data System}
}

@ARTICLE{2014PhRvD..89j7303Z,
   author = {{Zhou}, B. and {Li}, X. and {Wang}, T. and {Fan}, Y.-Z. and 
	{Wei}, D.-M.},
    title = "{Fast radio bursts as a cosmic probe?}",
  journal = {\prd},
archivePrefix = "arXiv",
   eprint = {1401.2927},
 keywords = {Radio sources, Unidentified sources of radiation outside the Solar System, Cosmology},
     year = 2014,
    month = may,
   volume = 89,
   number = 10,
      eid = {107303},
    pages = {107303},
      doi = {10.1103/PhysRevD.89.107303},
   adsurl = {http://adsabs.harvard.edu/abs/2014PhRvD..89j7303Z},
  adsnote = {Provided by the SAO/NASA Astrophysics Data System}
}

@ARTICLE{2015arXiv150505535C,
   author = {{Connor}, L. and {Sievers}, J. and {Pen}, U.-L.},
    title = "{Non-Cosmological FRB's from Young Supernova Remnant Pulsars}",
  journal = {ArXiv e-prints},
archivePrefix = "arXiv",
   eprint = {1505.05535},
 primaryClass = "astro-ph.HE",
 keywords = {Astrophysics - High Energy Astrophysical Phenomena},
     year = 2015,
    month = may,
   adsurl = {http://adsabs.harvard.edu/abs/2015arXiv150505535C},
  adsnote = {Provided by the SAO/NASA Astrophysics Data System}
}
